@misc{ref1,
title = "Parrot AR.DRONE 2.0",
note = "\url{https://www.parrot.com/fr/drones/parrot-ardrone-20-elite-edition#parrot-ardrone-20-elite-edition}"
}

@misc{ref2,
title = "Parrot AR.Drone",
note = "\url{https://fr.wikipedia.org/wiki/Parrot_AR.Drone}"
}

@misc{ref3,
author = "CLAURE CABRERA Oscar Mike, DOYEN-LE BOULAIRE Marine",
title = "Analyse du système de sécurité du drone :AR.Drone 2.0Quad-Copter",
note = "\url{https://ensiwiki.ensimag.fr/images/a/ab/Drone.pdf}"
}

@misc{ref4,
author = "Antoine MARINIER, Mickael RANAIVOARISOA, Thomas TROMPETTE",
title = "Étude de la sécurité d'un drone",
note = "\url{https://ensiwiki.ensimag.fr/index.php?title=Etude_de_la_s%C3%A9curit%C3%A9_d%27un_drone#Sc.C3.A9narios_d.E2.80.99attaque}"
}

@misc{ref5,
author = "Functino",
title = "drone-browser",
note = "\url{https://github.com/functino/drone-browser}"
}

@misc{ref6,
author = "Samy KAMKAR",
title = "Skyjack",
note = "\url{https://github.com/samyk/skyjack}"
}

@misc{ref7,
author = "Diego ARAOS",
title = "ardrone-wpa2",
note = "\url{https://github.com/daraosn/ardrone-wpa2}"
}
